@book{marco,
  title={Probabilidade e vari{\'a}veis aleat{\'o}rias},
  author={Magalh{\~a}es, Marcos Nascimento},
  year={2015},
  publisher={Edusp},
  address={S{\~a}o Paulo}
}
@book{grimmett,
  title={One thousand exercises in probability},
  author={Grimmett, Geoffrey and Stirzaker, David},
  year={2001},
  publisher={Oxford University Press},
  address={Oxford}
}

@book{ross,
  title={Probabilidade: um curso moderno com aplica{\c{c}}oes},
  author={Ross, Sheldon},
  year={2009},
  publisher={Bookman Editora},
  address={Porto Alegre}
}

@book{casella,
  title={Statistical inference},
  author={Casella, George and Berger, Roger L},
  year={2002},
  publisher={Duxbury},
  address={Pacific Grove}
  
}

@book{bolfarine,
  title={Introdu{\c{c}}{\~a}o {\`a} infer{\^e}ncia estat{\'i}stica},
  author={Bolfarine, Heleno and Sandoval, M{\^o}nica Carneiro},
  year={2001},
  publisher={SBM},
  address={Rio de Janeiro}
}

@book{bickel,
  title={Mathematical Statistics: Basic Ideas and Selected Topics, Volumes I-II Package},
  author={Bickel, Peter J and Doksum, Kjell A},
  year={2015},
  publisher={Chapman and Hall/CRC},
  address={London, UK}
}

@article{lima2019curso,
  title={Curso de An{\'a}lise vol. 1--15{\textordfeminine} edi{\c{c}}{\~a}o},
  author={Lima, Elon Lages},
  journal={Rio de Janeiro: IMPA--Projeto Euclides},
  year={2019}
}
